%YAML 1.1
%TAG !u! tag:unity3d.com,2011:
--- !u!65 &5538431938588604831
BoxCollider:
  m_ObjectHideFlags: 0
  m_CorrespondingSourceObject: {fileID: 0}
  m_PrefabInstance: {fileID: 0}
  m_PrefabAsset: {fileID: 0}
  m_GameObject: {fileID: 1664931848559894385}
  m_Material: {fileID: 0}
  m_IsTrigger: 0
  m_Enabled: 1
  serializedVersion: 2
  m_Size: {x: 12.792979, y: 6.215855, z: 12.792974}
  m_Center: {x: 0.0000111262, y: 3.1157095, z: -0.0000047683716}
--- !u!65 &1047628580
BoxCollider:
  m_ObjectHideFlags: 0
  m_CorrespondingSourceObject: {fileID: 0}
  m_PrefabInstance: {fileID: 0}
  m_PrefabAsset: {fileID: 0}
  m_GameObject: {fileID: 1870459146737535872}
  m_Material: {fileID: 0}
  m_IsTrigger: 0
  m_Enabled: 1
  serializedVersion: 2
  m_Size: {x: 0.0265362, y: 12.74, z: 0.026536174}
  m_Center: {x: 0.000000019092115, y: 0, z: -0.0000000107102105}
--- !u!114 &1047628581
MonoBehaviour:
  m_ObjectHideFlags: 0
  m_CorrespondingSourceObject: {fileID: 0}
  m_PrefabInstance: {fileID: 0}
  m_PrefabAsset: {fileID: 0}
  m_GameObject: {fileID: 1870459146737535872}
  m_Enabled: 1
  m_EditorHideFlags: 0
  m_Script: {fileID: 11500000, guid: be7959f1748abef49b4cdc41d5959ae7, type: 3}
  m_Name: 
  m_EditorClassIdentifier: 
  InventorySpace: 20
  id: 2
  resourceBring: []
  resource: {fileID: 5289143976162455178, guid: e782731a214aa4c4a89b8fb0abcb161a, type: 3}
  resourceBag: {fileID: 2057140634460546621}
--- !u!1 &2057140634460546621
GameObject:
  m_ObjectHideFlags: 0
  m_CorrespondingSourceObject: {fileID: 0}
  m_PrefabInstance: {fileID: 0}
  m_PrefabAsset: {fileID: 0}
  serializedVersion: 6
  m_Component:
  - component: {fileID: 5743660446212059943}
  m_Layer: 0
  m_Name: Bag
  m_TagString: Untagged
  m_Icon: {fileID: 0}
  m_NavMeshLayer: 0
  m_StaticEditorFlags: 0
  m_IsActive: 1
--- !u!4 &5743660446212059943
Transform:
  m_ObjectHideFlags: 0
  m_CorrespondingSourceObject: {fileID: 0}
  m_PrefabInstance: {fileID: 0}
  m_PrefabAsset: {fileID: 0}
  m_GameObject: {fileID: 2057140634460546621}
  m_LocalRotation: {x: 0, y: 0, z: 0, w: 1}
  m_LocalPosition: {x: 0, y: 0, z: 0}
  m_LocalScale: {x: 1, y: 1, z: 1}
  m_Children: []
  m_Father: {fileID: 1350767642119213370}
  m_RootOrder: 1
  m_LocalEulerAnglesHint: {x: 0, y: 0, z: 0}
--- !u!1001 &1527948973428897489
PrefabInstance:
  m_ObjectHideFlags: 0
  serializedVersion: 2
  m_Modification:
    m_TransformParent: {fileID: 0}
    m_Modifications:
    - target: {fileID: -8679921383154817045, guid: c5aa5070ecc894b41b2ffc0552aa423d, type: 3}
      propertyPath: m_RootOrder
      value: 0
      objectReference: {fileID: 0}
    - target: {fileID: -8679921383154817045, guid: c5aa5070ecc894b41b2ffc0552aa423d, type: 3}
      propertyPath: m_LocalPosition.x
      value: 15.9
      objectReference: {fileID: 0}
    - target: {fileID: -8679921383154817045, guid: c5aa5070ecc894b41b2ffc0552aa423d, type: 3}
      propertyPath: m_LocalPosition.y
      value: 0.17
      objectReference: {fileID: 0}
    - target: {fileID: -8679921383154817045, guid: c5aa5070ecc894b41b2ffc0552aa423d, type: 3}
      propertyPath: m_LocalPosition.z
      value: -15
      objectReference: {fileID: 0}
    - target: {fileID: -8679921383154817045, guid: c5aa5070ecc894b41b2ffc0552aa423d, type: 3}
      propertyPath: m_LocalRotation.w
      value: 1
      objectReference: {fileID: 0}
    - target: {fileID: -8679921383154817045, guid: c5aa5070ecc894b41b2ffc0552aa423d, type: 3}
      propertyPath: m_LocalRotation.x
      value: 0
      objectReference: {fileID: 0}
    - target: {fileID: -8679921383154817045, guid: c5aa5070ecc894b41b2ffc0552aa423d, type: 3}
      propertyPath: m_LocalRotation.y
      value: -0
      objectReference: {fileID: 0}
    - target: {fileID: -8679921383154817045, guid: c5aa5070ecc894b41b2ffc0552aa423d, type: 3}
      propertyPath: m_LocalRotation.z
      value: -0
      objectReference: {fileID: 0}
    - target: {fileID: -8679921383154817045, guid: c5aa5070ecc894b41b2ffc0552aa423d, type: 3}
      propertyPath: m_LocalEulerAnglesHint.x
      value: 0
      objectReference: {fileID: 0}
    - target: {fileID: -8679921383154817045, guid: c5aa5070ecc894b41b2ffc0552aa423d, type: 3}
      propertyPath: m_LocalEulerAnglesHint.y
      value: 0
      objectReference: {fileID: 0}
    - target: {fileID: -8679921383154817045, guid: c5aa5070ecc894b41b2ffc0552aa423d, type: 3}
      propertyPath: m_LocalEulerAnglesHint.z
      value: 0
      objectReference: {fileID: 0}
    - target: {fileID: -1304428794658992701, guid: c5aa5070ecc894b41b2ffc0552aa423d, type: 3}
      propertyPath: m_Materials.Array.data[0]
      value: 
      objectReference: {fileID: 2100000, guid: 7f961f49377427443bfff2f2e5098763, type: 2}
    - target: {fileID: 919132149155446097, guid: c5aa5070ecc894b41b2ffc0552aa423d, type: 3}
      propertyPath: m_Name
      value: DropPoint Variant Green
      objectReference: {fileID: 0}
    - target: {fileID: 919132149155446097, guid: c5aa5070ecc894b41b2ffc0552aa423d, type: 3}
      propertyPath: m_TagString
      value: DropPoint
      objectReference: {fileID: 0}
    - target: {fileID: 919132149155446097, guid: c5aa5070ecc894b41b2ffc0552aa423d, type: 3}
      propertyPath: m_StaticEditorFlags
      value: 4294967295
      objectReference: {fileID: 0}
    - target: {fileID: 6119990633141524667, guid: c5aa5070ecc894b41b2ffc0552aa423d, type: 3}
      propertyPath: m_LocalPosition.x
      value: 0
      objectReference: {fileID: 0}
    - target: {fileID: 6119990633141524667, guid: c5aa5070ecc894b41b2ffc0552aa423d, type: 3}
      propertyPath: m_LocalPosition.y
      value: 0
      objectReference: {fileID: 0}
    - target: {fileID: 6119990633141524667, guid: c5aa5070ecc894b41b2ffc0552aa423d, type: 3}
      propertyPath: m_LocalPosition.z
      value: 0
      objectReference: {fileID: 0}
    m_RemovedComponents: []
  m_SourcePrefab: {fileID: 100100000, guid: c5aa5070ecc894b41b2ffc0552aa423d, type: 3}
--- !u!1 &1870459146737535872 stripped
GameObject:
  m_CorrespondingSourceObject: {fileID: 919132149155446097, guid: c5aa5070ecc894b41b2ffc0552aa423d, type: 3}
  m_PrefabInstance: {fileID: 1527948973428897489}
  m_PrefabAsset: {fileID: 0}
--- !u!4 &1350767642119213370 stripped
Transform:
  m_CorrespondingSourceObject: {fileID: -8679921383154817045, guid: c5aa5070ecc894b41b2ffc0552aa423d, type: 3}
  m_PrefabInstance: {fileID: 1527948973428897489}
  m_PrefabAsset: {fileID: 0}
--- !u!1 &1664931848559894385 stripped
GameObject:
  m_CorrespondingSourceObject: {fileID: 157445456673335712, guid: c5aa5070ecc894b41b2ffc0552aa423d, type: 3}
  m_PrefabInstance: {fileID: 1527948973428897489}
  m_PrefabAsset: {fileID: 0}
